@article{mlpmixer,
  author    = {Ilya O. Tolstikhin and
               Neil Houlsby and
               Alexander Kolesnikov and
               Lucas Beyer and
               Xiaohua Zhai and
               Thomas Unterthiner and
               Jessica Yung and
               Andreas Steiner and
               Daniel Keysers and
               Jakob Uszkoreit and
               Mario Lucic and
               Alexey Dosovitskiy},
  title     = {MLP-Mixer: An all-MLP Architecture for Vision},
  journal   = {CoRR},
  volume    = {abs/2105.01601},
  year      = {2021},
  url       = {https://arxiv.org/abs/2105.01601},
  eprinttype = {arXiv},
  eprint    = {2105.01601},
  timestamp = {Tue, 18 May 2021 10:37:34 +0200},
  biburl    = {https://dblp.org/rec/journals/corr/abs-2105-01601.bib},
  bibsource = {dblp computer science bibliography, https://dblp.org}
}

@article{resmlp,
  author    = {Hugo Touvron and
               Piotr Bojanowski and
               Mathilde Caron and
               Matthieu Cord and
               Alaaeldin El{-}Nouby and
               Edouard Grave and
               Armand Joulin and
               Gabriel Synnaeve and
               Jakob Verbeek and
               Herv{\'{e}} J{\'{e}}gou},
  title     = {ResMLP: Feedforward networks for image classification with data-efficient
               training},
  journal   = {CoRR},
  volume    = {abs/2105.03404},
  year      = {2021},
  url       = {https://arxiv.org/abs/2105.03404},
  eprinttype = {arXiv},
  eprint    = {2105.03404},
  timestamp = {Fri, 14 May 2021 12:13:30 +0200},
  biburl    = {https://dblp.org/rec/journals/corr/abs-2105-03404.bib},
  bibsource = {dblp computer science bibliography, https://dblp.org}
}

@article{stroustrup2020thriving,
  title={Thriving in a crowded and changing world: C++ 2006--2020},
  author={Stroustrup, Bjarne},
  journal={Proceedings of the ACM on Programming Languages},
  volume={4},
  number={HOPL},
  pages={1--168},
  year={2020},
  publisher={ACM New York, NY, USA}
}

@article{weinberger2013google,
  title={Google C++ style guide},
  author={Weinberger, Benjy and Silverstein, Craig and Eitzmann, Gregory and Mentovai, Mark and Landray, Tashana},
  journal={Section: Line Length. url: http://google-styleguide. googlecode. com/svn/trunk/cppguide. xml\# Line\_Length},
  year={2013}
}

@article{stroustrup2018c++,
  title={C++ core guidelines},
  author={Stroustrup, Bjarne and Sutter, Herb},
  journal={Web. Last accessed February},
  year={2018}
}

@article{ba2016layer,
  title={Layer normalization},
  author={Ba, Jimmy Lei and Kiros, Jamie Ryan and Hinton, Geoffrey E},
  journal={arXiv preprint arXiv:1607.06450},
  year={2016}
}

@article{srivastava2014dropout,
  title={Dropout: a simple way to prevent neural networks from overfitting},
  author={Srivastava, Nitish and Hinton, Geoffrey and Krizhevsky, Alex and Sutskever, Ilya and Salakhutdinov, Ruslan},
  journal={The journal of machine learning research},
  volume={15},
  number={1},
  pages={1929--1958},
  year={2014},
  publisher={JMLR. org}
}

